<record><leader>00000cas a22000007a 4500</leader><controlfield tag="001">13776055</controlfield><controlfield tag="008">860625d18931898nvuwr ne      0    0eng d</controlfield><datafield ind1=" " ind2=" " tag="010"><subfield code="a">sn 86076260 </subfield></datafield><datafield ind1=" " ind2=" " tag="040"><subfield code="a">NNX</subfield><subfield code="b">eng</subfield><subfield code="c">NNX</subfield><subfield code="d">OCLCQ</subfield></datafield><datafield ind1=" " ind2=" " tag="042"><subfield code="a">msc</subfield></datafield><datafield ind1="0" ind2="4" tag="245"><subfield code="a">The Lode.</subfield></datafield><datafield ind1=" " ind2=" " tag="260"><subfield code="a">Pioche, Nev. :</subfield><subfield code="b">N.P. Dooley,</subfield><subfield code="c">1893-1898.</subfield></datafield><datafield ind1=" " ind2=" " tag="300"><subfield code="a">7 v. :</subfield><subfield code="b">ill.</subfield></datafield><datafield ind1=" " ind2=" " tag="310"><subfield code="a">Weekly</subfield></datafield><datafield ind1="0" ind2=" " tag="362"><subfield code="a">Vol. 2, no. 1 (Mar. 11, 1893)-v. 8, no. 85 (Apr. 19, 1898).</subfield></datafield><datafield ind1=" " ind2=" " tag="500"><subfield code="a">Place of publication changes to Delamar, Nev., June 16, 1894.</subfield></datafield><datafield ind1=" " ind2=" " tag="500"><subfield code="a">Publisher: &lt;Jan. 6, 1896&gt;-Jan. 27, 1896, The Lode Pub. Co.; Feb. 3, 1896-Apr. 19, 1898, E. Goodrich.</subfield></datafield><datafield ind1=" " ind2=" " tag="525"><subfield code="a">Supplements accompany some issues.</subfield></datafield><datafield ind1=" " ind2=" " tag="752"><subfield code="a">United States</subfield><subfield code="b">Nevada</subfield><subfield code="c">Lincoln</subfield><subfield code="d">Pioche.</subfield></datafield><datafield ind1=" " ind2=" " tag="752"><subfield code="a">United States</subfield><subfield code="b">Nevada</subfield><subfield code="c">Lincoln</subfield><subfield code="d">Delamar.</subfield></datafield><datafield ind1="0" ind2="0" tag="780"><subfield code="t">Ferguson lode</subfield><subfield code="w">(DLC)sn 86076259</subfield></datafield><datafield ind1="0" ind2="0" tag="785"><subfield code="t">Daily &amp; weekly lode</subfield><subfield code="w">(DLC)sn 86076261</subfield></datafield></record>